<?xml version="1.0" encoding="UTF-8"?>
  <record xmlns="http://www.loc.gov/MARC21/slim" type="Authority">
    <leader>00000nz  a2200000nc 4500</leader>
    <controlfield tag="001">124800939</controlfield>
    <controlfield tag="003">DE-101</controlfield>
    <controlfield tag="005">20200923171717.0</controlfield>
    <controlfield tag="008">030703n||aznnnaabn           | aaa    |c</controlfield>
    <datafield tag="024" ind1="7" ind2=" ">
      <subfield code="a">124800939</subfield>
      <subfield code="0">http://d-nb.info/gnd/124800939</subfield>
      <subfield code="2">gnd</subfield>
    </datafield>
    <datafield tag="035" ind1=" " ind2=" ">
      <subfield code="a">(DE-101)124800939</subfield>
    </datafield>
    <datafield tag="035" ind1=" " ind2=" ">
      <subfield code="a">(DE-588)124800939</subfield>
    </datafield>
    <datafield tag="035" ind1=" " ind2=" ">
      <subfield code="z">(DE-588a)124800939</subfield>
      <subfield code="9">v:zg</subfield>
    </datafield>
    <datafield tag="040" ind1=" " ind2=" ">
      <subfield code="a">DE-23</subfield>
      <subfield code="c">DE-23</subfield>
      <subfield code="9">r:DE-601</subfield>
      <subfield code="b">ger</subfield>
      <subfield code="d">2214</subfield>
    </datafield>
    <datafield tag="042" ind1=" " ind2=" ">
      <subfield code="a">gnd1</subfield>
    </datafield>
    <datafield tag="043" ind1=" " ind2=" ">
      <subfield code="c">XA-DE</subfield>
    </datafield>
    <datafield tag="075" ind1=" " ind2=" ">
      <subfield code="b">p</subfield>
      <subfield code="2">gndgen</subfield>
    </datafield>
    <datafield tag="075" ind1=" " ind2=" ">
      <subfield code="b">piz</subfield>
      <subfield code="2">gndspec</subfield>
    </datafield>
    <datafield tag="079" ind1=" " ind2=" ">
      <subfield code="a">g</subfield>
      <subfield code="q">a</subfield>
      <subfield code="q">f</subfield>
    </datafield>
    <datafield tag="100" ind1="0" ind2=" ">
      <subfield code="a">Philipp</subfield>
      <subfield code="c">Holstein-Sonderburg-Glücksburg, Herzog</subfield>
      <subfield code="d">1584-1663</subfield>
    </datafield>
    <datafield tag="375" ind1=" " ind2=" ">
      <subfield code="a">1</subfield>
      <subfield code="2">iso5218</subfield>
    </datafield>
    <datafield tag="400" ind1="0" ind2=" ">
      <subfield code="a">Philippus</subfield>
      <subfield code="c">Schleswig-Holstein, Herzog u. Norwegens Erbe</subfield>
      <subfield code="d">1584-1663</subfield>
    </datafield>
    <datafield tag="400" ind1="0" ind2=" ">
      <subfield code="a">Philipp</subfield>
      <subfield code="c">Schleswig-Holstein-Sonderburg-Glücksburg, Herzog</subfield>
      <subfield code="d">1584-1663</subfield>
    </datafield>
    <datafield tag="400" ind1="0" ind2=" ">
      <subfield code="a">Philipp</subfield>
      <subfield code="c">Oldenburg-Delmenhorst, Graf</subfield>
      <subfield code="d">1584-1663</subfield>
    </datafield>
    <datafield tag="400" ind1="0" ind2=" ">
      <subfield code="a">Philipp</subfield>
      <subfield code="c">Schleswig-Holstein, Herzog</subfield>
      <subfield code="d">1584-1663</subfield>
    </datafield>
    <datafield tag="500" ind1="0" ind2=" ">
      <subfield code="0">(DE-101)12298028X</subfield>
      <subfield code="0">(DE-588)12298028X</subfield>
      <subfield code="0">https://d-nb.info/gnd/12298028X</subfield>
      <subfield code="a">Sophia Hedwig</subfield>
      <subfield code="c">Holstein-Sonderburg-Glücksburg, Herzogin</subfield>
      <subfield code="d">1601-1660</subfield>
      <subfield code="4">bezf</subfield>
      <subfield code="4">https://d-nb.info/standards/elementset/gnd#familialRelationship</subfield>
      <subfield code="w">r</subfield>
      <subfield code="i">Beziehung familiaer</subfield>
      <subfield code="e">Beziehung familiaer</subfield>
      <subfield code="9">v:Ehefrau</subfield>
    </datafield>
    <datafield tag="500" ind1="0" ind2=" ">
      <subfield code="0">(DE-101)120064871</subfield>
      <subfield code="0">(DE-588)120064871</subfield>
      <subfield code="0">https://d-nb.info/gnd/120064871</subfield>
      <subfield code="a">Christiane</subfield>
      <subfield code="c">Sachsen-Merseburg, Herzogin, 1634-1701</subfield>
      <subfield code="d">1634-1701</subfield>
      <subfield code="4">bezf</subfield>
      <subfield code="4">https://d-nb.info/standards/elementset/gnd#familialRelationship</subfield>
      <subfield code="w">r</subfield>
      <subfield code="i">Beziehung familiaer</subfield>
      <subfield code="e">Beziehung familiaer</subfield>
      <subfield code="9">v:Tochter</subfield>
    </datafield>
    <datafield tag="500" ind1="0" ind2=" ">
      <subfield code="0">(DE-101)104230487</subfield>
      <subfield code="0">(DE-588)104230487</subfield>
      <subfield code="0">https://d-nb.info/gnd/104230487</subfield>
      <subfield code="a">Auguste</subfield>
      <subfield code="c">Holstein-Augustenburg, Herzogin</subfield>
      <subfield code="d">1633-1701</subfield>
      <subfield code="4">bezf</subfield>
      <subfield code="4">https://d-nb.info/standards/elementset/gnd#familialRelationship</subfield>
      <subfield code="w">r</subfield>
      <subfield code="i">Beziehung familiaer</subfield>
      <subfield code="e">Beziehung familiaer</subfield>
      <subfield code="9">v:Tochter</subfield>
    </datafield>
    <datafield tag="500" ind1="0" ind2=" ">
      <subfield code="0">(DE-101)121123596</subfield>
      <subfield code="0">(DE-588)121123596</subfield>
      <subfield code="0">https://d-nb.info/gnd/121123596</subfield>
      <subfield code="a">Dorothea</subfield>
      <subfield code="c">Brandenburg, Kurfürstin</subfield>
      <subfield code="d">1636-1689</subfield>
      <subfield code="4">bezf</subfield>
      <subfield code="4">https://d-nb.info/standards/elementset/gnd#familialRelationship</subfield>
      <subfield code="w">r</subfield>
      <subfield code="i">Beziehung familiaer</subfield>
      <subfield code="e">Beziehung familiaer</subfield>
      <subfield code="9">v:Tochter</subfield>
    </datafield>
    <datafield tag="500" ind1="0" ind2=" ">
      <subfield code="0">(DE-101)104174463</subfield>
      <subfield code="0">(DE-588)104174463</subfield>
      <subfield code="0">https://d-nb.info/gnd/104174463</subfield>
      <subfield code="a">Christian</subfield>
      <subfield code="b">II.</subfield>
      <subfield code="c">Sachsen-Merseburg, Herzog</subfield>
      <subfield code="d">1653-1694</subfield>
      <subfield code="4">bezf</subfield>
      <subfield code="4">https://d-nb.info/standards/elementset/gnd#familialRelationship</subfield>
      <subfield code="w">r</subfield>
      <subfield code="i">Beziehung familiaer</subfield>
      <subfield code="e">Beziehung familiaer</subfield>
      <subfield code="9">v:Enkel</subfield>
    </datafield>
    <datafield tag="500" ind1="0" ind2=" ">
      <subfield code="0">(DE-101)104174080</subfield>
      <subfield code="0">(DE-588)104174080</subfield>
      <subfield code="0">https://d-nb.info/gnd/104174080</subfield>
      <subfield code="a">August</subfield>
      <subfield code="c">Sachsen-Merseburg, Herzog</subfield>
      <subfield code="d">1655-1715</subfield>
      <subfield code="4">bezf</subfield>
      <subfield code="4">https://d-nb.info/standards/elementset/gnd#familialRelationship</subfield>
      <subfield code="w">r</subfield>
      <subfield code="i">Beziehung familiaer</subfield>
      <subfield code="e">Beziehung familiaer</subfield>
      <subfield code="9">v:Enkel</subfield>
    </datafield>
    <datafield tag="500" ind1="0" ind2=" ">
      <subfield code="0">(DE-101)120182823</subfield>
      <subfield code="0">(DE-588)120182823</subfield>
      <subfield code="0">https://d-nb.info/gnd/120182823</subfield>
      <subfield code="a">Philipp</subfield>
      <subfield code="c">Sachsen-Merseburg, Herzog</subfield>
      <subfield code="d">1657-1690</subfield>
      <subfield code="4">bezf</subfield>
      <subfield code="4">https://d-nb.info/standards/elementset/gnd#familialRelationship</subfield>
      <subfield code="w">r</subfield>
      <subfield code="i">Beziehung familiaer</subfield>
      <subfield code="e">Beziehung familiaer</subfield>
      <subfield code="9">v:Enkel</subfield>
    </datafield>
    <datafield tag="500" ind1="0" ind2=" ">
      <subfield code="0">(DE-101)104175222</subfield>
      <subfield code="0">(DE-588)104175222</subfield>
      <subfield code="0">https://d-nb.info/gnd/104175222</subfield>
      <subfield code="a">Christiane</subfield>
      <subfield code="c">Sachsen-Eisenberg, Herzogin</subfield>
      <subfield code="d">1659-1679</subfield>
      <subfield code="4">bezf</subfield>
      <subfield code="4">https://d-nb.info/standards/elementset/gnd#familialRelationship</subfield>
      <subfield code="w">r</subfield>
      <subfield code="i">Beziehung familiaer</subfield>
      <subfield code="e">Beziehung familiaer</subfield>
      <subfield code="9">v:Enkelin</subfield>
    </datafield>
    <datafield tag="500" ind1="0" ind2=" ">
      <subfield code="0">(DE-101)104177594</subfield>
      <subfield code="0">(DE-588)104177594</subfield>
      <subfield code="0">https://d-nb.info/gnd/104177594</subfield>
      <subfield code="a">Heinrich</subfield>
      <subfield code="c">Sachsen-Merseburg, Herzog</subfield>
      <subfield code="d">1661-1738</subfield>
      <subfield code="4">bezf</subfield>
      <subfield code="4">https://d-nb.info/standards/elementset/gnd#familialRelationship</subfield>
      <subfield code="w">r</subfield>
      <subfield code="i">Beziehung familiaer</subfield>
      <subfield code="e">Beziehung familiaer</subfield>
      <subfield code="9">v:Enkel</subfield>
    </datafield>
    <datafield tag="548" ind1=" " ind2=" ">
      <subfield code="a">1584-1663</subfield>
      <subfield code="4">datl</subfield>
      <subfield code="4">https://d-nb.info/standards/elementset/gnd#dateOfBirthAndDeath</subfield>
      <subfield code="w">r</subfield>
      <subfield code="i">Lebensdaten</subfield>
    </datafield>
    <datafield tag="548" ind1=" " ind2=" ">
      <subfield code="a">15.03.1584-27.09.1663</subfield>
      <subfield code="4">datx</subfield>
      <subfield code="4">https://d-nb.info/standards/elementset/gnd#dateOfBirthAndDeath</subfield>
      <subfield code="w">r</subfield>
      <subfield code="i">Exakte Lebensdaten</subfield>
    </datafield>
    <datafield tag="667" ind1=" " ind2=" ">
      <subfield code="a">VD-17</subfield>
    </datafield>
    <datafield tag="670" ind1=" " ind2=" ">
      <subfield code="a">Europ. Stammtafeln</subfield>
    </datafield>
    <datafield tag="670" ind1=" " ind2=" ">
      <subfield code="a">NDB/ADB-online</subfield>
    </datafield>
    <datafield tag="670" ind1=" " ind2=" ">
      <subfield code="a">Wikipedia</subfield>
      <subfield code="u">https://de.wikipedia.org/wiki/Philipp_(Schleswig-Holstein-Sonderburg-Gl%C3%BCcksburg)</subfield>
    </datafield>
    <datafield tag="672" ind1=" " ind2="0">
      <subfield code="a">Petersen, Henning: Eine geistliche Anatomi oder Beschawung ... Bey der... Leichbestätigung Des ... Herrn Philippi ... Hertzogen zu Schleßwig/ Holstein ... 1663. Jahres/ ... verschieden</subfield>
    </datafield>
    <datafield tag="678" ind1=" " ind2=" ">
      <subfield code="b">erster Herzog von Schleswig-Holstein-Sonderburg-Glücksburg; norwegischer Erbe</subfield>
    </datafield>
    <datafield tag="913" ind1=" " ind2=" ">
      <subfield code="S">pnd</subfield>
      <subfield code="i">5</subfield>
      <subfield code="a">Philipp &lt;Holstein-Sonderburg-Glücksburg, Herzog&gt;</subfield>
      <subfield code="0">(DE-588a)124800939</subfield>
    </datafield>
  </record>
